%% This BibTeX bibliography file was created using BibDesk.
%% https://bibdesk.sourceforge.io/

%% Created for Oliver Probst at 2023-02-21 11:49:19 +0100 


%% Saved with string encoding Unicode (UTF-8) 



@book{mollin2002rsa,
	author = {Mollin, Richard A.},
	date-added = {2023-02-21 11:45:48 +0100},
	date-modified = {2023-02-21 11:49:19 +0100},
	edition = {2},
	publisher = {CRC Press},
	title = {Rsa and Public-Key Cryptography},
	year = {2002}}

@misc{maurer2022diskreteMathematik,
	author = {Ueli Maurer},
	date-added = {2023-02-16 21:41:32 +0100},
	date-modified = {2023-02-16 21:42:42 +0100},
	howpublished = {https://crypto.ethz.ch/teaching/DM22/},
	month = {December},
	title = {Diskrete Mathematik},
	url = {https://crypto.ethz.ch/teaching/DM22/ln/DM22_LN_z21nvff0ch2gj1ol0mt1.pdf},
	year = {2022},
	bdsk-url-1 = {https://crypto.ethz.ch/teaching/DM22/ln/DM22_LN_z21nvff0ch2gj1ol0mt1.pdf}}

@misc{wiki2012piedivision,
	author = {Dcoetzee, Tango! project},
	date-added = {2023-02-16 11:40:50 +0100},
	date-modified = {2023-02-16 11:45:32 +0100},
	howpublished = {https://commons.wikimedia.org},
	month = {September},
	title = {Pie Division},
	url = {https://upload.wikimedia.org/wikipedia/commons/thumb/0/05/Pie_division.svg/583px-Pie_division.svg.png},
	year = {2012},
	bdsk-url-1 = {https://upload.wikimedia.org/wikipedia/commons/thumb/0/05/Pie_division.svg/583px-Pie_division.svg.png}}

@misc{hohl2023protokoll,
	author = {Seraina Hohl},
	date-added = {2023-02-14 17:54:04 +0100},
	date-modified = {2023-02-14 17:56:38 +0100},
	howpublished = {https://oinf.ch/konzept/protokoll/},
	lastchecked = {14.02.2023},
	month = {02},
	title = {Konzept Protokoll},
	url = {https://oinf.ch/wp-content/uploads/Protokoll.png},
	year = {2023},
	bdsk-url-1 = {https://oinf.ch/wp-content/uploads/Protokoll.png}}

@book{datzko2023informatiksek2,
	address = {Schaffhausen},
	author = {Datzko, Christian and Ruh, Nicolas and Trachsler, Beat},
	date-added = {2023-02-14 17:21:33 +0100},
	date-modified = {2023-02-14 17:23:49 +0100},
	edition = {1},
	publisher = {Westermann Schulverlag Schweiz AG},
	title = {Informatik f{\"u}r Schweizer Maturit{\"a}tsschulen},
	year = {2023}}

@misc{cryptomuseum2022onetimepad,
	author = {Crypto Museum},
	date-added = {2023-02-11 20:49:27 +0100},
	date-modified = {2023-02-14 17:57:35 +0100},
	howpublished = {https://www.cryptomuseum.com/crypto/otp/index.htm},
	lastchecked = {11. Februar 2023},
	month = {M{\"a}rz},
	title = {One-Time Pad},
	url = {https://www.cryptomuseum.com/crypto/img/301277/000/full.jpg},
	year = {2022},
	bdsk-url-1 = {https://www.cryptomuseum.com/crypto/img/301277/000/full.jpg}}

@book{schmeh2013kryptografie,
	address = {Heidelberg},
	author = {Schmeh, Klaus},
	date-added = {2023-02-09 11:47:50 +0100},
	date-modified = {2023-02-09 11:49:25 +0100},
	edition = {5},
	publisher = {dpunkt},
	title = {Kryptografie},
	year = {2013}}

@misc{silveira2013diffie,
	author = {Silveira Neto},
	date-added = {2023-02-09 11:32:57 +0100},
	date-modified = {2023-02-14 17:58:12 +0100},
	howpublished = {http://silveiraneto.net/2013/08/14/diffie-hellman-key-exchange/},
	lastchecked = {09. Februar 2023},
	month = {08},
	title = {The Diffie-Hellman key exchange},
	url = {http://silveiraneto.net/2013/08/14/diffie-hellman-key-exchange/},
	year = {2013},
	bdsk-url-1 = {http://silveiraneto.net/2013/08/14/diffie-hellman-key-exchange/}}

@book{meinel2015grundlagen,
	address = {Wiesbaden},
	author = {Meinel, Christoph and Mundhenk, Martin},
	date-added = {2023-02-09 11:28:39 +0100},
	date-modified = {2023-02-09 11:29:38 +0100},
	edition = {6},
	publisher = {Springer Vieweg},
	title = {Mathematische Grundlagen der Informatik},
	year = {2015}}

@book{hromkovic2018datendarstellen,
	author = {Hromkovi{\v c}, Juraj},
	date-added = {2023-02-09 11:19:00 +0100},
	date-modified = {2023-02-09 11:19:51 +0100},
	publisher = {Klett und Balmer},
	title = {einfach Informatik: Daten darstellen, verschl{\"u}sseln, komprimieren},
	year = {2018}}

@book{hromkovic2022datascience,
	author = {Barot, Michael and Dorn, Britta and Fourny, Ghislain and Gallenbacher, Jens and Hromkovi{\v c}, Juraj and Lacher, Regula},
	date-added = {2023-02-09 11:14:59 +0100},
	date-modified = {2023-02-09 11:18:32 +0100},
	publisher = {Klett und Balmer},
	title = {Informatik - Data Science und Sicherheit},
	year = {2022}}

@book{gallenbacher2017abenteuer,
	address = {Berlin, Heidelberg},
	author = {Gallenbacher, Jens},
	date-added = {2023-02-09 10:43:56 +0100},
	date-modified = {2023-02-09 10:45:25 +0100},
	edition = {4},
	publisher = {Springer},
	title = {Abenteuer Informatik: IT zum Anfassen f{\"u}r alle von 9 bis 99 -- vom Navi bis Social Media},
	year = {2017}}

@book{beutelspacher2015kryptologie,
	address = {Wiesbaden},
	author = {Beutelspacher, Albrecht},
	date-added = {2023-02-09 10:34:08 +0100},
	date-modified = {2023-02-09 10:45:03 +0100},
	edition = {10., aktualisierte Auflage},
	publisher = {Springer Spektrum},
	title = {Kryptologie: Eine Einf{\"u}hrung in die Wissenschaft vom Verschl{\"u}sseln, Verbergen und Verheimlichen.},
	year = {2015}}

@book{schneider2012taschenbuchinformatik,
	address = {Leipzig},
	author = {Schneider, Uwe},
	date-added = {2023-02-09 10:31:09 +0100},
	date-modified = {2023-02-09 10:45:52 +0100},
	edition = {7., neu bearbeitete Auflage},
	publisher = {Fachbuchverlag},
	title = {Taschenbuch der Informatik},
	year = {2012}}

@book{freiermuth2014kryptologie,
	address = {Wiesbaden},
	author = {Freiermuth, K. and Hromkovic, J. and Keller, L. and Steffen, B.},
	date-added = {2023-02-08 11:02:33 +0100},
	date-modified = {2023-02-09 10:45:38 +0100},
	edition = {2},
	publisher = {Springer Vieweg},
	title = {Einf{\"u}hrung in die Kryptologie: Lehrbuch f{\"u}r Unterricht und Selbststudium},
	year = {2014}}
